% Encoding: UTF-8

@Article{cooke+2010,
  author        = {{Cooke}, Jeff and {Berrier}, Joel C. and {Barton}, Elizabeth J. and {Bullock}, James S. and {Wolfe}, Arthur M.},
  title         = {{Lyman break galaxy close and interacting pairs at z \raisebox{-0.5ex}\textasciitilde 3}},
  journal       = {\mnras},
  year          = {2010},
  volume        = {403},
  number        = {2},
  pages         = {1020-1035},
  month         = {Apr},
  adsnote       = {Provided by the SAO/NASA Astrophysics Data System},
  adsurl        = {https://ui.adsabs.harvard.edu/abs/2010MNRAS.403.1020C},
  archiveprefix = {arXiv},
  doi           = {10.1111/j.1365-2966.2009.16179.x},
  eprint        = {0912.1632},
  keywords      = {methods: observational, galaxies: evolution, galaxies: formation, galaxies: high-redshift, galaxies: interactions, Astrophysics - Cosmology and Nongalactic Astrophysics},
  primaryclass  = {astro-ph.CO},
}

@Article{mh96,
  author        = {{Mihos}, J. Christopher and {Hernquist}, Lars},
  title         = {{Gasdynamics and Starbursts in Major Mergers}},
  journal       = {\apj},
  year          = {1996},
  volume        = {464},
  pages         = {641},
  month         = {Jun},
  adsnote       = {Provided by the SAO/NASA Astrophysics Data System},
  adsurl        = {https://ui.adsabs.harvard.edu/abs/1996ApJ...464..641M},
  archiveprefix = {arXiv},
  doi           = {10.1086/177353},
  eprint        = {astro-ph/9512099},
  keywords      = {GALAXIES: ACTIVE, GALAXIES: INTERACTIONS, GALAXIES: STARBURST, GALAXIES: STRUCTURE, METHODS: NUMERICAL, Astrophysics},
  primaryclass  = {astro-ph},
}

@Article{naab2003,
  author        = {{Naab}, Thorsten and {Burkert}, Andreas},
  title         = {{Statistical Properties of Collisionless Equal- and Unequal-Mass Merger Remnants of Disk Galaxies}},
  journal       = {\apj},
  year          = {2003},
  volume        = {597},
  number        = {2},
  pages         = {893-906},
  month         = {Nov},
  adsnote       = {Provided by the SAO/NASA Astrophysics Data System},
  adsurl        = {https://ui.adsabs.harvard.edu/abs/2003ApJ...597..893N},
  archiveprefix = {arXiv},
  doi           = {10.1086/378581},
  eprint        = {astro-ph/0110179},
  keywords      = {Galaxies: Evolution, Galaxies: Interactions, Galaxies: Structure, Methods: Numerical, Astrophysics},
  primaryclass  = {astro-ph},
}

@Article{bell+06,
  author        = {{Bell}, Eric F. and {Phleps}, Stefanie and {Somerville}, Rachel S. and {Wolf}, Christian and {Borch}, Andrea and {Meisenheimer}, Klaus},
  title         = {{The Merger Rate of Massive Galaxies}},
  journal       = {\apj},
  year          = {2006},
  volume        = {652},
  number        = {1},
  pages         = {270-276},
  month         = {Nov},
  adsnote       = {Provided by the SAO/NASA Astrophysics Data System},
  adsurl        = {https://ui.adsabs.harvard.edu/abs/2006ApJ...652..270B},
  archiveprefix = {arXiv},
  doi           = {10.1086/508408},
  eprint        = {astro-ph/0602038},
  keywords      = {Galaxies: Evolution, Galaxies: General, Galaxies: Interactions, Astrophysics},
  primaryclass  = {astro-ph},
}

@Article{lotz+08b,
  author        = {{Lotz}, Jennifer M. and {Davis}, M. and {Faber}, S.~M. and {Guhathakurta}, P. and {Gwyn}, S. and {Huang}, J. and {Koo}, D.~C. and {Le Floc'h}, E. and {Lin}, Lihwai and {Newman}, J. and {Noeske}, K. and {Papovich}, C. and {Willmer}, C.~N.~A. and {Coil}, A. and {Conselice}, C.~J. and {Cooper}, M. and {Hopkins}, A.~M. and {Metevier}, A. and {Primack}, J. and {Rieke}, G. and {Weiner}, B.~J.},
  title         = {{The Evolution of Galaxy Mergers and Morphology at z \&lt; 1.2 in the Extended Groth Strip}},
  journal       = {\apj},
  year          = {2008},
  volume        = {672},
  number        = {1},
  pages         = {177-197},
  month         = {Jan},
  adsnote       = {Provided by the SAO/NASA Astrophysics Data System},
  adsurl        = {https://ui.adsabs.harvard.edu/abs/2008ApJ...672..177L},
  archiveprefix = {arXiv},
  doi           = {10.1086/523659},
  eprint        = {astro-ph/0602088},
  keywords      = {galaxies: evolution, galaxies: high-redshift, galaxies: interactions, galaxies: structure, Astrophysics},
  primaryclass  = {astro-ph},
}

@Article{jogee+2009,
  author        = {{Jogee}, Shardha and {Miller}, Sarah H. and {Penner}, Kyle and {Skelton}, Rosalind E. and {Conselice}, Christopher J. and {Somerville}, Rachel S. and {Bell}, Eric F. and {Zheng}, Xian Zhong and {Rix}, Hans-Walter and {Robaina}, Aday R. and {Barazza}, Fabio D. and {Barden}, Marco and {Borch}, Andrea and {Beckwith}, Steven V.~W. and {Caldwell}, John A.~R. and {Peng}, Chien Y. and {Heymans}, Catherine and {McIntosh}, Daniel H. and {H{\"a}u{\ss}ler}, Boris and {Jahnke}, Knud and {Meisenheimer}, Klaus and {Sanchez}, Sebastian F. and {Wisotzki}, Lutz and {Wolf}, Christian and {Papovich}, Casey},
  title         = {{History of Galaxy Interactions and Their Impact on Star Formation Over the Last 7 Gyr from GEMS}},
  journal       = {\apj},
  year          = {2009},
  volume        = {697},
  number        = {2},
  pages         = {1971-1992},
  month         = {Jun},
  adsnote       = {Provided by the SAO/NASA Astrophysics Data System},
  adsurl        = {https://ui.adsabs.harvard.edu/abs/2009ApJ...697.1971J},
  archiveprefix = {arXiv},
  doi           = {10.1088/0004-637X/697/2/1971},
  eprint        = {0903.3700},
  keywords      = {galaxies: evolution, galaxies: fundamental parameters, galaxies: kinematics and dynamics, galaxies: structure, Astrophysics - Cosmology and Nongalactic Astrophysics},
  primaryclass  = {astro-ph.CO},
}

@Article{patton+2011,
  author        = {{Patton}, David R. and {Ellison}, Sara L. and {Simard}, Luc and {McConnachie}, Alan W. and {Mendel}, J. Trevor},
  title         = {{Galaxy pairs in the Sloan Digital Sky Survey - III. Evidence of induced star formation from optical colours}},
  journal       = {\mnras},
  year          = {2011},
  volume        = {412},
  number        = {1},
  pages         = {591-606},
  month         = {Mar},
  adsnote       = {Provided by the SAO/NASA Astrophysics Data System},
  adsurl        = {https://ui.adsabs.harvard.edu/abs/2011MNRAS.412..591P},
  archiveprefix = {arXiv},
  doi           = {10.1111/j.1365-2966.2010.17932.x},
  eprint        = {1010.5778},
  keywords      = {galaxies: evolution, galaxies: interactions, galaxies: photometry, Astrophysics - Cosmology and Nongalactic Astrophysics},
  primaryclass  = {astro-ph.CO},
}

@Article{dpr+11,
  author        = {{da Silva}, R.~L. and {Prochaska}, J.~X. and {Rosario}, D. and {Tumlinson}, J. and {Tripp}, T.~M.},
  title         = {{Shining Light on Merging Galaxies. I. The Ongoing Merger of a Quasar with a ''Green Valley'' Galaxy}},
  journal       = {\apj},
  year          = {2011},
  volume        = {735},
  pages         = {54},
  month         = jul,
  adsnote       = {Provided by the SAO/NASA Astrophysics Data System},
  adsurl        = {http://adsabs.harvard.edu/abs/2011ApJ...735...54D},
  archiveprefix = {arXiv},
  bdsk-url-1    = {http://dx.doi.org/10.1088/0004-637X/735/1/54},
  date-added    = {2013-07-25 22:19:30 +0000},
  date-modified = {2013-07-25 22:19:35 +0000},
  doi           = {10.1088/0004-637X/735/1/54},
  eid           = {54},
  eprint        = {1103.4134},
  keywords      = {galaxies: evolution, galaxies: interactions, quasars: emission lines, quasars: general, quasars: individual: J204956.61{\ndash}1001201.7},
  primaryclass  = {astro-ph.CO},
}

@Article{olivares+16,
  author        = {{Olivares}, V. and {Treister}, E. and {Privon}, G.~C. and {Alaghband -Zadeh}, S. and {Casey}, Caitlin M. and {Schawinski}, K. and {Kurczynski}, P. and {Gawiser}, E. and {Nagar}, N. and {Chapman}, S. and {Bauer}, F.~E. and {Sanders}, D.},
  title         = {{Spatially Resolved Spectroscopy of Submillimeter Galaxies at z ≃ 2}},
  journal       = {\apj},
  year          = {2016},
  volume        = {827},
  number        = {1},
  pages         = {57},
  month         = {Aug},
  adsnote       = {Provided by the SAO/NASA Astrophysics Data System},
  adsurl        = {https://ui.adsabs.harvard.edu/abs/2016ApJ...827...57O},
  archiveprefix = {arXiv},
  doi           = {10.3847/0004-637X/827/1/57},
  eid           = {57},
  eprint        = {1606.05351},
  keywords      = {galaxies: high-redshift, galaxies: starburst, submillimeter: galaxies, Astrophysics - Astrophysics of Galaxies},
  primaryclass  = {astro-ph.GA},
}

@Article{mantha+2018,
  author        = {{Mantha}, Kameswara Bharadwaj and {McIntosh}, Daniel H. and {Brennan}, Ryan and {Ferguson}, Henry C. and {Kodra}, Dritan and {Newman}, Jeffrey A. and {Rafelski}, Marc and {Somerville}, Rachel S. and {Conselice}, Christopher J. and {Cook}, Joshua S. and {Hathi}, Nimish P. and {Koo}, David C. and {Lotz}, Jennifer M. and {Simmons}, Brooke D. and {Straughn}, Amber N. and {Snyder}, Gregory F. and {Wuyts}, Stijn and {Bell}, Eric F. and {Dekel}, Avishai and {Kartaltepe}, Jeyhan and {Kocevski}, Dale D. and {Koekemoer}, Anton M. and {Lee}, Seong-Kook and {Lucas}, Ray A. and {Pacifici}, Camilla and {Peth}, Michael A. and {Barro}, Guillermo and {Dahlen}, Tomas and {Finkelstein}, Steven L. and {Fontana}, Adriano and {Galametz}, Audrey and {Grogin}, Norman A. and {Guo}, Yicheng and {Mobasher}, Bahram and {Nayyeri}, Hooshang and {P{\'e}rez-Gonz{\'a}lez}, Pablo G. and {Pforr}, Janine and {Santini}, Paola and {Stefanon}, Mauro and {Wiklind}, Tommy},
  title         = {{Major merging history in CANDELS. I. Evolution of the incidence of massive galaxy-galaxy pairs from z = 3 to z ̃ 0}},
  journal       = {\mnras},
  year          = {2018},
  volume        = {475},
  number        = {2},
  pages         = {1549-1573},
  month         = {Apr},
  adsnote       = {Provided by the SAO/NASA Astrophysics Data System},
  adsurl        = {https://ui.adsabs.harvard.edu/abs/2018MNRAS.475.1549M},
  archiveprefix = {arXiv},
  doi           = {10.1093/mnras/stx3260},
  eprint        = {1712.06611},
  keywords      = {galaxies: evolution, galaxies: high-redshift, galaxies: interactions, galaxies: statistics, Astrophysics - Astrophysics of Galaxies},
  primaryclass  = {astro-ph.GA},
}

@Article{patton+1997,
  author        = {{Patton}, D.~R. and {Pritchet}, C.~J. and {Yee}, H.~K.~C. and {Ellingson}, E. and {Carlberg}, R.~G.},
  title         = {{Close Pairs of Field Galaxies in the CNOC1 Redshift Survey}},
  journal       = {\apj},
  year          = {1997},
  volume        = {475},
  number        = {1},
  pages         = {29-42},
  month         = {Jan},
  adsnote       = {Provided by the SAO/NASA Astrophysics Data System},
  adsurl        = {https://ui.adsabs.harvard.edu/abs/1997ApJ...475...29P},
  archiveprefix = {arXiv},
  doi           = {10.1086/303535},
  eprint        = {astro-ph/9608016},
  keywords      = {Galaxies: Distances and Redshifts, Galaxies: Evolution, Galaxies: Interactions, Galaxies: Photometry, Surveys, Astrophysics},
  primaryclass  = {astro-ph},
}

@Article{bundy+2009,
  author        = {{Bundy}, Kevin and {Fukugita}, Masataka and {Ellis}, Richard S. and {Targett}, Thomas A. and {Belli}, Sirio and {Kodama}, Tadayuki},
  title         = {{The Greater Impact of Mergers on the Growth of Massive Galaxies: Implications for Mass Assembly and Evolution since z sime 1}},
  journal       = {\apj},
  year          = {2009},
  volume        = {697},
  number        = {2},
  pages         = {1369-1383},
  month         = {Jun},
  adsnote       = {Provided by the SAO/NASA Astrophysics Data System},
  adsurl        = {https://ui.adsabs.harvard.edu/abs/2009ApJ...697.1369B},
  archiveprefix = {arXiv},
  doi           = {10.1088/0004-637X/697/2/1369},
  eprint        = {0902.1188},
  keywords      = {galaxies: evolution, galaxies: formation, galaxies: interactions, Astrophysics - Cosmology and Extragalactic Astrophysics},
  primaryclass  = {astro-ph.CO},
}

@Article{ellison+10,
  author        = {{Ellison}, Sara L. and {Patton}, David R. and {Simard}, Luc and {McConnachie}, Alan W. and {Baldry}, Ivan K. and {Mendel}, J. Trevor},
  title         = {{Galaxy pairs in the Sloan Digital Sky Survey - II. The effect of environment on interactions}},
  journal       = {\mnras},
  year          = {2010},
  volume        = {407},
  number        = {3},
  pages         = {1514-1528},
  month         = {Sep},
  adsnote       = {Provided by the SAO/NASA Astrophysics Data System},
  adsurl        = {https://ui.adsabs.harvard.edu/abs/2010MNRAS.407.1514E},
  archiveprefix = {arXiv},
  doi           = {10.1111/j.1365-2966.2010.17076.x},
  eprint        = {1002.4418},
  keywords      = {galaxies: bulges, galaxies: evolution, galaxies: interactions, Astrophysics - Cosmology and Nongalactic Astrophysics},
  primaryclass  = {astro-ph.CO},
}

@Article{ventou+2017,
  author        = {{Ventou}, E. and {Contini}, T. and {Bouch{\'e}}, N. and {Epinat}, B. and {Brinchmann}, J. and {Bacon}, R. and {Inami}, H. and {Lam}, D. and {Drake}, A. and {Garel}, T. and {Michel-Dansac}, L. and {Pello}, R. and {Steinmetz}, M. and {Weilbacher}, P.~M. and {Wisotzki}, L. and {Carollo}, M.},
  title         = {{The MUSE Hubble Ultra Deep Field Survey. IX. Evolution of galaxy merger fraction since z {\ensuremath{\approx}} 6}},
  journal       = {\aap},
  year          = {2017},
  volume        = {608},
  pages         = {A9},
  month         = {Nov},
  adsnote       = {Provided by the SAO/NASA Astrophysics Data System},
  adsurl        = {https://ui.adsabs.harvard.edu/abs/2017A&A...608A...9V},
  archiveprefix = {arXiv},
  doi           = {10.1051/0004-6361/201731586},
  eid           = {A9},
  eprint        = {1711.00423},
  keywords      = {Galaxy: evolution, galaxies: interactions, galaxies: high-redshift, Astrophysics - Astrophysics of Galaxies},
  primaryclass  = {astro-ph.GA},
}

@Article{aldo+2017,
  author        = {{Rodr{\'\i}guez-Puebla}, Aldo and {Primack}, Joel R. and {Avila-Reese}, Vladimir and {Faber}, S.~M.},
  title         = {{Constraining the galaxy-halo connection over the last 13.3 Gyr: star formation histories, galaxy mergers and structural properties}},
  journal       = {\mnras},
  year          = {2017},
  volume        = {470},
  number        = {1},
  pages         = {651-687},
  month         = {Sep},
  adsnote       = {Provided by the SAO/NASA Astrophysics Data System},
  adsurl        = {https://ui.adsabs.harvard.edu/abs/2017MNRAS.470..651R},
  archiveprefix = {arXiv},
  doi           = {10.1093/mnras/stx1172},
  eprint        = {1703.04542},
  keywords      = {galaxies: evolution, galaxies: haloes, galaxies: luminosity function, mass function, galaxies: star formation, cosmology: theory, mass function - galaxies: star formation, Astrophysics - Astrophysics of Galaxies},
  primaryclass  = {astro-ph.GA},
}

@Article{xu+2012,
  author        = {{Xu}, C. Kevin and {Zhao}, Yinghe and {Scoville}, N. and {Capak}, P. and {Drory}, N. and {Gao}, Y.},
  title         = {{Major-merger Galaxy Pairs in the COSMOS Field{\textemdash}Mass-dependent Merger Rate Evolution since z = 1}},
  journal       = {\apj},
  year          = {2012},
  volume        = {747},
  number        = {2},
  pages         = {85},
  month         = {Mar},
  adsnote       = {Provided by the SAO/NASA Astrophysics Data System},
  adsurl        = {https://ui.adsabs.harvard.edu/abs/2012ApJ...747...85X},
  archiveprefix = {arXiv},
  doi           = {10.1088/0004-637X/747/2/85},
  eid           = {85},
  eprint        = {1109.3693},
  keywords      = {galaxies: evolution, galaxies: general, galaxies: interactions, galaxies: starburst, Astrophysics - Cosmology and Nongalactic Astrophysics},
  primaryclass  = {astro-ph.CO},
}

@Article{lopez+2013,
  author        = {{L{\'o}pez-Sanjuan}, C. and {Le F{\`e}vre}, O. and {Tasca}, L.~A.~M. and {Epinat}, B. and {Amram}, P. and {Contini}, T. and {Garilli}, B. and {Kissler-Patig}, M. and {Moultaka}, J. and {Paioro}, L. and {Perret}, V. and {Queyrel}, J. and {Tresse}, L. and {Vergani}, D. and {Divoy}, C.},
  title         = {{MASSIV: Mass Assembly Survey with SINFONI in VVDS. V. The major merger rate of star-forming galaxies at 0.9 \&lt; z \&lt; 1.8 from IFS-based close pairs}},
  journal       = {\aap},
  year          = {2013},
  volume        = {553},
  pages         = {A78},
  month         = {May},
  adsnote       = {Provided by the SAO/NASA Astrophysics Data System},
  adsurl        = {https://ui.adsabs.harvard.edu/abs/2013A&A...553A..78L},
  archiveprefix = {arXiv},
  doi           = {10.1051/0004-6361/201220286},
  eid           = {A78},
  eprint        = {1208.5020},
  keywords      = {galaxies: evolution, galaxies: interactions, galaxies: formation, Astrophysics - Cosmology and Nongalactic Astrophysics},
  primaryclass  = {astro-ph.CO},
}

@Article{neeleman+17,
  author        = {{Neeleman}, M. and {Kanekar}, N. and {Prochaska}, J.~X. and {Rafelski}, M. and {Carilli}, C.~L. and {Wolfe}, A.~M.},
  title         = {{[C II] 158-{$\mu$}m emission from the host galaxies of damped Lyman-alpha systems}},
  journal       = {Science},
  year          = {2017},
  volume        = {355},
  pages         = {1285-1288},
  month         = mar,
  adsnote       = {Provided by the SAO/NASA Astrophysics Data System},
  adsurl        = {http://adsabs.harvard.edu/abs/2017Sci...355.1285N},
  archiveprefix = {arXiv},
  doi           = {10.1126/science.aal1737},
  eprint        = {1703.07797},
  owner         = {xavier},
  timestamp     = {2017.05.18},
}

@Article{neeleman+19,
  author        = {{Neeleman}, M. and {Kanekar}, N. and {Prochaska}, J.~X. and {Rafelski}, M.~A. and {Carilli}, C.~L.},
  title         = {{[C II] 158 {$\mu$}m Emission from $z {\sim}4$ H I Absorption-selected Galaxies}},
  journal       = {\apjl},
  year          = {2019},
  volume        = {870},
  pages         = {L19},
  month         = jan,
  adsnote       = {Provided by the SAO/NASA Astrophysics Data System},
  adsurl        = {http://adsabs.harvard.edu/abs/2019ApJ...870L..19N},
  archiveprefix = {arXiv},
  doi           = {10.3847/2041-8213/aaf871},
  eid           = {L19},
  eprint        = {1812.06113},
  keywords      = {galaxies: high-redshift, galaxies: ISM, galaxies: kinematics and dynamics, quasars: absorption lines, submillimeter: galaxies },
}

@Article{wgp05,
  author        = {{Wolfe}, A.~M. and {Gawiser}, E. and {Prochaska}, J.~X.},
  title         = {{DAMPED LYA SYSTEMS}},
  journal       = {\araa},
  year          = {2005},
  volume        = {43},
  pages         = {861-918},
  month         = sep,
  adsnote       = {Provided by the Smithsonian/NASA Astrophysics Data System},
  adsurl        = {http://adsabs.harvard.edu/cgi-bin/nph-bib_query?bibcode=2005ARA%26A..43..861W&db_key=AST},
  date-added    = {2007-06-30 17:41:28 -0700},
  date-modified = {2013-07-26 22:33:51 +0000},
  keywords      = {QAL},
}

@Article{Planck2015,
  author        = {{Planck Collaboration} and {Ade}, P.~A.~R. and {Aghanim}, N. and {Arnaud}, M. and {Ashdown}, M. and {Aumont}, J. and {Baccigalupi}, C. and {Banday}, A.~J. and {Barreiro}, R.~B. and {Bartlett}, J.~G. and et al.},
  title         = {{Planck 2015 results. XIII. Cosmological parameters}},
  journal       = {\aap},
  year          = {2016},
  volume        = {594},
  pages         = {A13},
  month         = sep,
  adsnote       = {Provided by the SAO/NASA Astrophysics Data System},
  adsurl        = {http://adsabs.harvard.edu/abs/2016A%26A...594A..13P},
  archiveprefix = {arXiv},
  doi           = {10.1051/0004-6361/201525830},
  eid           = {A13},
  eprint        = {1502.01589},
  keywords      = {cosmology: observations, cosmology: theory, cosmic background radiation, cosmological parameters},
  owner         = {xavier},
  timestamp     = {2017.02.23},
}

@Article{phw05,
  author        = {{Prochaska}, J.~X. and {Herbert-Fort}, S. and {Wolfe}, A.~M.},
  title         = {{The SDSS Damped Ly{$\alpha$} Survey: Data Release 3}},
  journal       = {\apj},
  year          = {2005},
  volume        = {635},
  pages         = {123-142},
  month         = dec,
  adsnote       = {Provided by the Smithsonian/NASA Astrophysics Data System},
  adsurl        = {http://adsabs.harvard.edu/cgi-bin/nph-bib_query?bibcode=2005ApJ...635..123P&db_key=AST},
  bdsk-url-1    = {http://dx.doi.org/10.1086/497287},
  bdsk-url-2    = {http://dx.doi.org/10.1086/497287},
  bdsk-url-3    = {http://dx.doi.org/10.1086/497287},
  date-added    = {2007-06-30 17:41:28 -0700},
  date-modified = {2007-06-30 17:41:34 -0700},
  doi           = {10.1086/497287},
  keywords      = {QAL},
}

@Article{rafelski+12,
  author        = {{Rafelski}, M. and {Wolfe}, A.~M. and {Prochaska}, J.~X. and {Neeleman}, M. and {Mendez}, A.~J.},
  title         = {{Metallicity Evolution of Damped Ly{$\alpha$} Systems Out to z \~{} 5}},
  journal       = {\apj},
  year          = {2012},
  volume        = {755},
  pages         = {89},
  month         = aug,
  adsnote       = {Provided by the SAO/NASA Astrophysics Data System},
  adsurl        = {http://adsabs.harvard.edu/abs/2012ApJ...755...89R},
  archiveprefix = {arXiv},
  bdsk-url-1    = {http://dx.doi.org/10.1088/0004-637X/755/2/89},
  date-added    = {2013-03-25 18:01:03 +0000},
  date-modified = {2013-03-25 18:01:08 +0000},
  doi           = {10.1088/0004-637X/755/2/89},
  eid           = {89},
  eprint        = {1205.5047},
  keywords      = {Galaxy: halo, galaxies: abundances, galaxies: evolution, galaxies: general, galaxies: ISM, quasars: absorption lines},
  primaryclass  = {astro-ph.CO},
}

@Article{spf01,
  author        = {{Somerville}, R.~S. and {Primack}, J.~R. and {Faber}, S.~M.},
  title         = {{The nature of high-redshift galaxies}},
  journal       = {\mnras},
  year          = {2001},
  volume        = {320},
  pages         = {504-528},
  month         = feb,
  adsnote       = {Provided by the SAO/NASA Astrophysics Data System},
  adsurl        = {http://adsabs.harvard.edu/abs/2001MNRAS.320..504S},
  bdsk-url-1    = {http://dx.doi.org/10.1046/j.1365-8711.2001.03975.x},
  date-added    = {2010-10-05 11:16:44 -0700},
  date-modified = {2010-10-05 11:17:00 -0700},
  doi           = {10.1046/j.1365-8711.2001.03975.x},
  eprint        = {arXiv:astro-ph/9806228},
  keywords      = {galaxies: evolution, galaxies: formation, galaxies: general, galaxies: high-redshift, galaxies: starburst, cosmology: theory},
}

@Article{litke+19,
  author        = {{Litke}, Katrina C. and {Marrone}, Daniel P. and {Spilker}, Justin S. and {Aravena}, Manuel and {B{\'e}thermin}, Matthieu and {Chapman}, Scott and {Chen}, Chian-Chou and {de Breuck}, Carlos and {Dong}, Chenxing and {Gonzalez}, Anthony and {Greve}, Thomas R. and {Hayward}, Christopher C. and {Hezaveh}, Yashar and {Jarugula}, Sreevani and {Ma}, Jingzhe and {Morningstar}, Warren and {Narayanan}, Desika and {Phadke}, Kedar and {Reuter}, Cassie and {Vieira}, Joaquin and {Weiss}, Axel},
  title         = {{Spatially Resolved [C II] Emission in SPT0346-52: A Hyper-starburst Galaxy Merger at z ̃ 5.7}},
  journal       = {\apj},
  year          = {2019},
  volume        = {870},
  number        = {2},
  pages         = {80},
  month         = {Jan},
  adsnote       = {Provided by the SAO/NASA Astrophysics Data System},
  adsurl        = {https://ui.adsabs.harvard.edu/abs/2019ApJ...870...80L},
  archiveprefix = {arXiv},
  doi           = {10.3847/1538-4357/aaf057},
  eid           = {80},
  eprint        = {1811.07800},
  keywords      = {galaxies: high-redshift, galaxies: starburst, Astrophysics - Astrophysics of Galaxies},
  primaryclass  = {astro-ph.GA},
}

@Article{smith+17,
  author        = {{Smith}, J.~D.~T. and {Croxall}, Kevin and {Draine}, Bruce and {De Looze}, Ilse and {Sandstrom}, Karin and {Armus}, Lee and {Beir{\~a}o}, Pedro and {Bolatto}, Alberto and {Boquien}, Mederic and {Brandl}, Bernhard and {Crocker}, Alison and {Dale}, Daniel A. and {Galametz}, Maud and {Groves}, Brent and {Helou}, George and {Herrera-Camus}, Rodrigo and {Hunt}, Leslie and {Kennicutt}, Robert and {Walter}, Fabian and {Wolfire}, Mark},
  title         = {{The Spatially Resolved [CII] Cooling Line Deficit in Galaxies}},
  journal       = {\apj},
  year          = {2017},
  volume        = {834},
  number        = {1},
  pages         = {5},
  month         = {Jan},
  adsnote       = {Provided by the SAO/NASA Astrophysics Data System},
  adsurl        = {https://ui.adsabs.harvard.edu/abs/2017ApJ...834....5S},
  archiveprefix = {arXiv},
  doi           = {10.3847/1538-4357/834/1/5},
  eid           = {5},
  eprint        = {1611.01521},
  keywords      = {dust, extinction, galaxies: ISM, infrared: galaxies, techniques: spectroscopic, Astrophysics - Astrophysics of Galaxies},
  primaryclass  = {astro-ph.GA},
}

@Article{capak+15,
  author        = {{Capak}, P.~L. and {Carilli}, C. and {Jones}, G. and {Casey}, C.~M. and {Riechers}, D. and {Sheth}, K. and {Carollo}, C.~M. and {Ilbert}, O. and {Karim}, A. and {Lefevre}, O. and {Lilly}, S. and {Scoville}, N. and {Smolcic}, V. and {Yan}, L.},
  title         = {{Galaxies at redshifts 5 to 6 with systematically low dust content and high [C II] emission}},
  journal       = {\nat},
  year          = {2015},
  volume        = {522},
  number        = {7557},
  pages         = {455-458},
  month         = {Jun},
  adsnote       = {Provided by the SAO/NASA Astrophysics Data System},
  adsurl        = {https://ui.adsabs.harvard.edu/abs/2015Natur.522..455C},
  archiveprefix = {arXiv},
  doi           = {10.1038/nature14500},
  eprint        = {1503.07596},
  keywords      = {Astrophysics - Astrophysics of Galaxies},
  primaryclass  = {astro-ph.GA},
}

@Article{delooze14,
  author        = {{De Looze}, Ilse and {Cormier}, Diane and {Lebouteiller}, Vianney and {Madden}, Suzanne and {Baes}, Maarten and {Bendo}, George J. and {Boquien}, M{\'e}d{\'e}ric and {Boselli}, Alessandro and {Clements}, David L. and {Cortese}, Luca and {Cooray}, Asantha and {Galametz}, Maud and {Galliano}, Fr{\'e}d{\'e}ric and {Graci{\'a}-Carpio}, Javier and {Isaak}, Kate and {Karczewski}, Oskar {\L}. and {Parkin}, Tara J. and {Pellegrini}, Eric W. and {R{\'e}my-Ruyer}, Aur{\'e}lie and {Spinoglio}, Luigi and {Smith}, Matthew W.~L. and {Sturm}, Eckhard},
  title         = {{The applicability of far-infrared fine-structure lines as star formation rate tracers over wide ranges of metallicities and galaxy types}},
  journal       = {\aap},
  year          = {2014},
  volume        = {568},
  pages         = {A62},
  month         = {Aug},
  adsnote       = {Provided by the SAO/NASA Astrophysics Data System},
  adsurl        = {https://ui.adsabs.harvard.edu/abs/2014A&A...568A..62D},
  archiveprefix = {arXiv},
  doi           = {10.1051/0004-6361/201322489},
  eid           = {A62},
  eprint        = {1402.4075},
  keywords      = {Galaxy: abundances, galaxies: dwarf, galaxies: ISM, galaxies: star formation, Astrophysics - Astrophysics of Galaxies, Astrophysics - Cosmology and Nongalactic Astrophysics},
  primaryclass  = {astro-ph.GA},
}

@Article{delooze11,
  author        = {{De Looze}, Ilse and {Baes}, Maarten and {Bendo}, George J. and {Cortese}, Luca and {Fritz}, Jacopo},
  title         = {{The reliability of [C II] as an indicator of the star formation rate}},
  journal       = {\mnras},
  year          = {2011},
  volume        = {416},
  number        = {4},
  pages         = {2712-2724},
  month         = {Oct},
  adsnote       = {Provided by the SAO/NASA Astrophysics Data System},
  adsurl        = {https://ui.adsabs.harvard.edu/abs/2011MNRAS.416.2712D},
  archiveprefix = {arXiv},
  doi           = {10.1111/j.1365-2966.2011.19223.x},
  eprint        = {1106.1643},
  keywords      = {ISM: lines and bands, galaxies: star formation, infrared: galaxies, ultraviolet: galaxies, Astrophysics - Cosmology and Extragalactic Astrophysics},
  primaryclass  = {astro-ph.CO},
}

@Article{pw97,
  author        = {{Prochaska}, J.~X. and {Wolfe}, A.~M.},
  title         = {{On the Kinematics of the Damped Lyman- alpha Protogalaxies}},
  journal       = {\apj},
  year          = {1997},
  volume        = {487},
  pages         = {73-+},
  month         = sep,
  adsnote       = {Provided by the Smithsonian/NASA Astrophysics Data System},
  adsurl        = {http://adsabs.harvard.edu/cgi-bin/nph-bib_query?bibcode=1997ApJ...487...73P&db_key=AST},
  bdsk-url-1    = {http://dx.doi.org/10.1086/304591},
  bdsk-url-2    = {http://dx.doi.org/10.1086/304591},
  bdsk-url-3    = {http://dx.doi.org/10.1086/304591},
  date-added    = {2007-06-30 17:41:28 -0700},
  date-modified = {2007-06-30 17:41:34 -0700},
  doi           = {10.1086/304591},
  eprint        = {astro-ph/9704169},
  keywords      = {QAL},
}

@Article{mps+01,
  author        = {{Maller}, A.~H. and {Prochaska}, J.~X. and {Somerville}, R.~S. and {Primack}, J.~R.},
  title         = {{Damped Lyman alpha systems and galaxy formation models - I. The radial distribution of cold gas at high z}},
  journal       = {\mnras},
  year          = {2001},
  volume        = {326},
  pages         = {1475-1488},
  month         = oct,
  adsnote       = {Provided by the Smithsonian/NASA Astrophysics Data System},
  adsurl        = {http://adsabs.harvard.edu/cgi-bin/nph-bib_query?bibcode=2001MNRAS.326.1475M&db_key=AST},
  bdsk-url-1    = {http://dx.doi.org/10.1046/j.1365-8711.2001.04697.x},
  bdsk-url-2    = {http://dx.doi.org/10.1046/j.1365-8711.2001.04697.x},
  bdsk-url-3    = {http://dx.doi.org/10.1046/j.1365-8711.2001.04697.x},
  date-added    = {2007-06-30 17:41:28 -0700},
  date-modified = {2007-06-30 17:41:32 -0700},
  doi           = {10.1046/j.1365-8711.2001.04697.x},
  keywords      = {QAL},
}

@Article{pgp+08,
  author        = {{Pontzen}, A. and {Governato}, F. and {Pettini}, M. and {Booth}, C.~M. and {Stinson}, G. and {Wadsley}, J. and {Brooks}, A. and {Quinn}, T. and {Haehnelt}, M.},
  title         = {{Damped Lyman {$\alpha$} systems in galaxy formation simulations}},
  journal       = {\mnras},
  year          = {2008},
  volume        = {390},
  pages         = {1349-1371},
  month         = nov,
  adsnote       = {Provided by the SAO/NASA Astrophysics Data System},
  adsurl        = {http://adsabs.harvard.edu/abs/2008MNRAS.390.1349P},
  archiveprefix = {arXiv},
  bdsk-url-1    = {http://dx.doi.org/10.1111/j.1365-2966.2008.13782.x},
  date-added    = {2008-12-17 13:58:41 -0800},
  date-modified = {2008-12-17 13:58:41 -0800},
  doi           = {10.1111/j.1365-2966.2008.13782.x},
  eprint        = {0804.4474},
  keywords      = {methods: numerical , galaxies: formation , quasars: absorption lines},
}

@Article{bird+15,
  author        = {{Bird}, S. and {Haehnelt}, M. and {Neeleman}, M. and {Genel}, S. and {Vogelsberger}, M. and {Hernquist}, L.},
  title         = {{Reproducing the kinematics of damped Lyman {$\alpha$} systems}},
  journal       = {\mnras},
  year          = {2015},
  volume        = {447},
  pages         = {1834-1846},
  month         = feb,
  adsnote       = {Provided by the SAO/NASA Astrophysics Data System},
  adsurl        = {http://adsabs.harvard.edu/abs/2015MNRAS.447.1834B},
  archiveprefix = {arXiv},
  bdsk-url-1    = {http://dx.doi.org/10.1093/mnras/stu2542},
  date-added    = {2015-11-03 20:25:41 +0000},
  date-modified = {2015-11-03 20:25:48 +0000},
  doi           = {10.1093/mnras/stu2542},
  eprint        = {1407.7858},
  keywords      = {galaxies: formation, intergalactic medium, cosmology: theory},
}

@Article{marcel13,
  author        = {{Neeleman}, M. and {Wolfe}, A.~M. and {Prochaska}, J.~X. and {Rafelski}, M.},
  title         = {{The Fundamental Plane of Damped Ly{$\alpha$} Systems}},
  journal       = {\apj},
  year          = {2013},
  volume        = {769},
  pages         = {54},
  month         = may,
  adsnote       = {Provided by the SAO/NASA Astrophysics Data System},
  adsurl        = {http://adsabs.harvard.edu/abs/2013ApJ...769...54N},
  archiveprefix = {arXiv},
  bdsk-url-1    = {http://dx.doi.org/10.1088/0004-637X/769/1/54},
  date-added    = {2013-07-25 23:05:46 +0000},
  date-modified = {2013-07-25 23:05:49 +0000},
  doi           = {10.1088/0004-637X/769/1/54},
  eid           = {54},
  eprint        = {1303.7239},
  keywords      = {galaxies: abundances, galaxies: evolution, galaxies: fundamental parameters, galaxies: ISM, galaxies: kinematics and dynamics, quasars: absorption lines},
  primaryclass  = {astro-ph.CO},
}

@Article{pma+18,
  author        = {{P{\'e}rez-R{\`a}fols}, Ignasi and {Miralda-Escud{\'e}}, Jordi and {Arinyo-i-Prats}, Andreu and {Font-Ribera}, Andreu and {Mas-Ribas}, Llu{\'\i}s},
  title         = {{The cosmological bias factor of damped Lyman alpha systems: dependence on metal line strength}},
  journal       = {\mnras},
  year          = {2018},
  volume        = {480},
  number        = {4},
  pages         = {4702-4709},
  month         = {Nov},
  adsnote       = {Provided by the SAO/NASA Astrophysics Data System},
  adsurl        = {https://ui.adsabs.harvard.edu/abs/2018MNRAS.480.4702P},
  archiveprefix = {arXiv},
  doi           = {10.1093/mnras/sty2158},
  eprint        = {1805.00943},
  keywords      = {intergalactic medium, cosmological parameters, large-scale structure of Universe, cosmology: observations, Astrophysics - Astrophysics of Galaxies, Astrophysics - Cosmology and Nongalactic Astrophysics},
  primaryclass  = {astro-ph.GA},
}

@Article{pcw+08,
  author        = {{Prochaska}, J.~X. and {Chen}, H.-W. and {Wolfe}, A.~M. and {Dessauges-Zavadsky}, M. and {Bloom}, J.~S.},
  title         = {{On the Nature of Velocity Fields in High-z Galaxies}},
  journal       = {\apj},
  year          = {2008},
  volume        = {672},
  pages         = {59-71},
  month         = jan,
  adsnote       = {Provided by the SAO/NASA Astrophysics Data System},
  adsurl        = {http://adsabs.harvard.edu/abs/2008ApJ...672...59P},
  bdsk-url-1    = {http://dx.doi.org/10.1086/523689},
  bdsk-url-2    = {http://dx.doi.org/10.1086/523689},
  bdsk-url-3    = {http://dx.doi.org/10.1086/523689},
  date-added    = {2008-03-10 14:31:58 -0700},
  date-modified = {2008-03-10 14:32:12 -0700},
  doi           = {10.1086/523689},
  eprint        = {arXiv:astro-ph/0703701},
  keywords      = {grb},
}

@Article{neeleman+19b,
  author        = {{Neeleman}, Marcel and {Ba{\~n}ados}, Eduardo and {Walter}, Fabian and {Decarli}, Roberto and {Venemans}, Bram P. and {Carilli}, Chris L. and {Fan}, Xiaohui and {Farina}, Emanuele P. and {Mazzucchelli}, Chiara and {Novak}, Mladen and {Riechers}, Dominik A. and {Rix}, Hans-Walter and {Wang}, Ran},
  title         = {{Resolved [C II] Emission from z \&gt; 6 Quasar Host─Companion Galaxy Pairs}},
  journal       = {\apj},
  year          = {2019},
  volume        = {882},
  number        = {1},
  pages         = {10},
  month         = {Sep},
  adsnote       = {Provided by the SAO/NASA Astrophysics Data System},
  adsurl        = {https://ui.adsabs.harvard.edu/abs/2019ApJ...882...10N},
  archiveprefix = {arXiv},
  doi           = {10.3847/1538-4357/ab2ed3},
  eid           = {10},
  eprint        = {1907.02536},
  keywords      = {galaxies: high-redshift, galaxies: interactions, galaxies: ISM, galaxies: kinematics and dynamics, quasars: emission lines, submillimeter: galaxies, Astrophysics - Astrophysics of Galaxies, Astrophysics - Cosmology and Nongalactic Astrophysics},
  primaryclass  = {astro-ph.GA},
}

@Article{ventou+2019,
  author        = {{Ventou}, E. and {Contini}, T. and {Bouch{\'e}}, N. and {Epinat}, B. and {Brinchmann}, J. and {Inami}, H. and {Richard}, J. and {Schroetter}, I. and {Soucail}, G. and {Steinmetz}, M. and {Weilbacher}, P.},
  title         = {{New criteria for the selection of galaxy close pairs from cosmological simulations: evolution of the major and minor merger fraction in MUSE deep fields}},
  journal       = {arXiv e-prints},
  year          = {2019},
  pages         = {arXiv:1909.03706},
  month         = {Sep},
  adsnote       = {Provided by the SAO/NASA Astrophysics Data System},
  adsurl        = {https://ui.adsabs.harvard.edu/abs/2019arXiv190903706V},
  archiveprefix = {arXiv},
  eid           = {arXiv:1909.03706},
  eprint        = {1909.03706},
  keywords      = {Astrophysics - Astrophysics of Galaxies},
  primaryclass  = {astro-ph.GA},
}

@Article{treister+10,
  author        = {{Treister}, Ezequiel and {Natarajan}, Priyamvada and {Sand ers}, David B. and {Urry}, C. Megan and {Schawinski}, Kevin and {Kartaltepe}, Jeyhan},
  title         = {{Major Galaxy Mergers and the Growth of Supermassive Black Holes in Quasars}},
  journal       = {Science},
  year          = {2010},
  volume        = {328},
  number        = {5978},
  pages         = {600},
  month         = {Apr},
  adsnote       = {Provided by the SAO/NASA Astrophysics Data System},
  adsurl        = {https://ui.adsabs.harvard.edu/abs/2010Sci...328..600T},
  archiveprefix = {arXiv},
  doi           = {10.1126/science.1184246},
  eprint        = {1003.4736},
  keywords      = {ASTRONOMY, Astrophysics - Cosmology and Nongalactic Astrophysics},
  primaryclass  = {astro-ph.CO},
}

@Article{neeleman+20,
  author        = {{Neeleman}, M. and {Prochaska}, J.~X. and {Kanekar}, N. an d{Rafelski}, M.~A},
  title         = {{A cold, massive, disk galaxy 1.5 billion years after the Big Bang}},
  journal       = {Science},
  year          = {2020},
  volume        = {submitted},
  pages         = {xxx},
  month         = jan,
  adsnote       = {Provided by the SAO/NASA Astrophysics Data System},
  adsurl        = {http://adsabs.harvard.edu/abs/2019ApJ...870L..19N},
  archiveprefix = {arXiv},
  doi           = {10.3847/2041-8213/aaf871},
  eid           = {L19},
  eprint        = {1812.06113},
  keywords      = {galaxies: high-redshift, galaxies: ISM, galaxies: kinematics and dynamics, quasars: absorption lines, submillimeter: galaxies },
}

@Article{patton+00,
  author        = {{Patton}, D.~R. and {Carlberg}, R.~G. and {Marzke}, R.~O. and {Pritchet}, C.~J. and {da Costa}, L.~N. and {Pellegrini}, P.~S.},
  title         = {{New Techniques for Relating Dynamically Close Galaxy Pairs to Merger and Accretion Rates: Application to the Second Southern Sky Redshift Survey}},
  journal       = {\apj},
  year          = {2000},
  volume        = {536},
  number        = {1},
  pages         = {153-172},
  month         = {Jun},
  adsnote       = {Provided by the SAO/NASA Astrophysics Data System},
  adsurl        = {https://ui.adsabs.harvard.edu/abs/2000ApJ...536..153P},
  archiveprefix = {arXiv},
  doi           = {10.1086/308907},
  eprint        = {astro-ph/0001364},
  keywords      = {Galaxies: Distances and Redshifts, Galaxies: Interactions, Astrophysics},
  primaryclass  = {astro-ph},
}

@Article{chill+10,
  author        = {{Chilingarian}, I.~V. and {Di Matteo}, P. and {Combes}, F. and {Melchior}, A. -L. and {Semelin}, B.},
  title         = {{The GalMer database: galaxy mergers in the virtual observatory}},
  journal       = {\aap},
  year          = {2010},
  volume        = {518},
  pages         = {A61},
  month         = {Jul},
  adsnote       = {Provided by the SAO/NASA Astrophysics Data System},
  adsurl        = {https://ui.adsabs.harvard.edu/abs/2010A&A...518A..61C},
  archiveprefix = {arXiv},
  doi           = {10.1051/0004-6361/200912938},
  eid           = {A61},
  eprint        = {1003.3243},
  keywords      = {galaxies: interactions, galaxies: kinematics and dynamics, galaxies: stellar content, methods: numerical, astronomical data bases: miscellaneous, Astrophysics - Instrumentation and Methods for Astrophysics, Astrophysics - Cosmology and Nongalactic Astrophysics},
  primaryclass  = {astro-ph.IM},
}

@Article{hayward+18,
  author        = {{Hayward}, Christopher C. and {Chapman}, Scott C. and {Steidel}, Charles C. and {Golob}, Anneya and {Casey}, Caitlin M. and {Smith}, Daniel J.~B. and {Zitrin}, Adi and {Blain}, Andrew W. and {Bremer}, Malcolm N. and {Chen}, Chian-Chou and {Coppin}, Kristen E.~K. and {Farrah}, Duncan and {Ibar}, Eduardo and {Micha{\l}owski}, Micha{\l} J. and {Sawicki}, Marcin and {Scott}, Douglas and {van der Werf}, Paul and {Fazio}, Giovanni G. and {Geach}, James E. and {Gurwell}, Mark and {Petitpas}, Glen and {Wilner}, David J.},
  title         = {{Observational constraints on the physical nature of submillimetre source multiplicity: chance projections are common}},
  journal       = {\mnras},
  year          = {2018},
  volume        = {476},
  number        = {2},
  pages         = {2278-2287},
  month         = {May},
  adsnote       = {Provided by the SAO/NASA Astrophysics Data System},
  adsurl        = {https://ui.adsabs.harvard.edu/abs/2018MNRAS.476.2278H},
  archiveprefix = {arXiv},
  doi           = {10.1093/mnras/sty304},
  eprint        = {1802.00452},
  keywords      = {galaxies: high-redshift, galaxies: starburst, infrared: galaxies, submillimetre: galaxies, Astrophysics - Astrophysics of Galaxies, Astrophysics - Cosmology and Nongalactic Astrophysics},
  primaryclass  = {astro-ph.GA},
}

@Article{nbf98,
  author        = {{Nulsen}, P.~E.~J. and {Barcons}, X. and {Fabian}, A.~C.},
  title         = {{Damped Lyalpha absorbers from dwarf galaxy ejecta}},
  journal       = {\mnras},
  year          = {1998},
  volume        = {301},
  pages         = {168-174},
  month         = nov,
  adsnote       = {Provided by the Smithsonian/NASA Astrophysics Data System},
  adsurl        = {http://adsabs.harvard.edu/cgi-bin/nph-bib_query?bibcode=1998MNRAS.301..168N&db_key=AST},
  date-added    = {2007-06-30 17:41:28 -0700},
  date-modified = {2007-06-30 17:41:33 -0700},
  keywords      = {QAL},
}

@Comment{jabref-meta: databaseType:bibtex;}
